% Capitalization is very important in references. Be sure to do a double {{ and }} to keep the capitalization of your text in tact.

% Also pay attention to the sorting on last name in the case of complex Dutch names. 
% For instance: "Aalst, W.M.P. van der and ..." makes it sort under A

@MASTERSTHESIS{MScBuijs2010,
  author = {Buijs, J.C.A.M.},
  title = {{Mapping Data Sources to XES in a Generic Way}},
  school = {{Eindhoven University of Technology}},
  year = {2010},
  file = {Master thesis Joos 2010:C\:\\Users\\jbuijs.TUE\\Documents\\PhD\\Resources\\thesis_JBuijs_final.pdf:PDF},
  keywords = {XES, event log, data, joos, master thesis},
  url = {http://www.processmining.org/_media/xesame/xesma_thesis_final.pdf}
}

@MASTERSTHESIS{MScNugteren2010,
  author = {Nugteren, G.M.},
  title = {{Process Model Simplification}},
  school = {{Eindhoven University of Technology}},
  year = {2010},
  url = {http://alexandria.tue.nl/extra1/afstversl/wsk-i/nugteren2010.pdf}
}

@article{articleWLAN,
    author = {{Paul and Ogunfunmi}},
    year = {2008},
    month = {04},
    pages = {28 - 54},
    title = {{Wireless LAN comes of age: Understanding the IEEE 802.11n amendment}},
    volume = {8},
    journal = {Circuits and Systems Magazine, IEEE},
    doi = {10.1109/MCAS.2008.915504}
}

@inbook{channelModels,
    author = {Hari, K.V.S.},
    year = {2011},
    month = {10},
    pages = {47-64},
    title = {Channel Models for Wireless Communication Systems},
    volume = {158},
    doi = {10.1007/978-1-4419-6111-2_3}
}

@article{channelEquations, 
    title={Pilot-assisted estimation of mimo fading channel response and achievable data rates}, 
    volume={51}, 
    doi={10.1109/tsp.2003.818158}, number={11}, 
    journal={IEEE Transactions on Signal Processing}, 
    author={Samardzija, D. and Mandayam, N.}, 
    year={2003}, 
    pages={2882–2890}
}

@article{OFDM,
author = {Chadha, Ankit and Satam, Neha and Ballal, Beena},
year = {2013},
month = {01},
pages = {325},
title = {Orthogonal Frequency Division Multiplexing and its Applications},
volume = {2},
journal = {International Journal of Science and Research}
}

@article{802.11nStandard,
author = {Nee, Richard and Jones, V. and Awater, Geert and Zelst, Allert and Gardner, James and Steele, Greg},
year = {2006},
month = {05},
pages = {445-453},
title = {The 802.11n MIMO-OFDM standard for wireless LAN and beyond},
volume = {37},
journal = {Wireless Personal Communications},
doi = {10.1007/s11277-006-9073-2}
}

@ARTICLE{full802.11nStandard, 
author={IEEE802}, 
journal={IEEE Std 802.11n-2009 (Amendment to IEEE Std 802.11-2007 as amended by IEEE Std 802.11k-2008, IEEE Std 802.11r-2008, IEEE Std 802.11y-2008, and IEEE Std 802.11w-2009)}, 
title={IEEE Standard for Information technology-- Local and metropolitan area networks-- Specific requirements-- Part 11: Wireless LAN Medium Access Control (MAC)and Physical Layer (PHY) Specifications Amendment 5: Enhancements for Higher Throughput}, 
year={2009}, 
volume={}, 
number={}, 
pages={1-565}, 
keywords={IEEE standards;telecommunication standards;wireless LAN;IEEE standard amendment;information technology;information exchange;local area networks;metropolitan area networks;wireless LAN;IEEE 802.11 physical layer;IEEE 802.11 medium access control sublayer;MAC data service access point;maximum throughput;medium access control;bit rate 100 Mbit/s;Throughput;Wireless LAN;Media Access Protocol;Physical layer;IEEE 802.11 Standard;802.11-2007. 802.11w-2009;high throughput;MAC;medium access control;MIMO;MIMO-OFDM;multiple input;multiple output;PHY;physical layer;radio;wireless local area network;WLAN}, 
doi={10.1109/IEEESTD.2009.5307322}, 
ISSN={null}, 
month={Oct},}

@ARTICLE{beamforming, 
author={E. {Björnson} and M. {Bengtsson} and B. {Ottersten}}, 
journal={IEEE Signal Processing Magazine}, 
title={Optimal Multiuser Transmit Beamforming: A Difficult Problem with a Simple Solution Structure [Lecture Notes]}, 
year={2014}, 
volume={31}, 
number={4}, 
pages={142-148}, 
keywords={Array signal processing;Transmission lines;Interference}, 
doi={10.1109/MSP.2014.2312183}, 
ISSN={1558-0792}, 
month={July},}

@inproceedings{Xie:2015:PPD:2789168.2790124,
     author = {Xie, Yaxiong and Li, Zhenjiang and Li, Mo},
     title = {Precise Power Delay Profiling with Commodity WiFi},
     booktitle = {Proceedings of the 21st Annual International Conference on Mobile Computing and Networking},
     series = {MobiCom '15},
     year = {2015},
     isbn = {978-1-4503-3619-2},
     location = {Paris, France},
     pages = {53–64},
     numpages = {12},
     url = { http://doi.acm.org/10.1145/2789168.2790124 },
     doi = {10.1145/2789168.2790124},
     acmid = {2790124},
     publisher = {ACM},
     address = {New York, NY, USA},
     keywords = {bandwidth, channel combination, channel state information (CSI), localization, phase, power delay profile, resolution, wireless},
}

@article{Halperin_csitool,
	Author = {Daniel Halperin and Wenjun Hu and Anmol Sheth and David Wetherall},
	Journal = {ACM SIGCOMM CCR},
	Month = {Jan.},
	Number = {1},
	Pages = {53},
	Title = {Tool Release: Gathering 802.11n Traces with Channel State Information},
	Volume = {41},
	Year = {2011}}